@article{edmiston1988parallel,
  title={Parallel processing of biological sequence comparison algorithms},
  author={Edmiston, Elizabeth W and Core, Nolan G and Saltz, Joel H and Smith, Roger M},
  journal={International Journal of Parallel Programming},
  volume={17},
  number={3},
  pages={259--275},
  year={1988},
  publisher={Springer}
},
@book{galper1990parallel,
  title={Parallel similarity search and alignment with the dynamic programming method},
  author={Galper, Adam R and Brutlag, Douglas L},
  year={1990},
  publisher={Knowledge Systems Laboratory, Medical Computer Science, Stanford University}
},
@article{hughey1996parallel,
  title={Parallel hardware for sequence comparison and alignment},
  author={Hughey, Richard},
  journal={Computer applications in the biosciences: CABIOS},
  volume={12},
  number={6},
  pages={473--479},
  year={1996},
  publisher={Oxford Univ Press}
},
@article{wozniak1997using,
  title={Using video-oriented instructions to speed up sequence comparison},
  author={Wozniak, Andrzej},
  journal={Computer applications in the biosciences: CABIOS},
  volume={13},
  number={2},
  pages={145--150},
  year={1997},
  publisher={Oxford Univ Press}
},
@article{rognes2000six,
  title={Six-fold speed-up of Smith--Waterman sequence database searches using parallel processing on common microprocessors},
  author={Rognes, Torbj{\o}rn and Seeberg, Erling},
  journal={Bioinformatics},
  volume={16},
  number={8},
  pages={699--706},
  year={2000},
  publisher={Oxford Univ Press}
},
@inproceedings{martins2001multithreaded,
  title={A multithreaded parallel implementation of a dynamic programming algorithm for sequence comparison.},
  author={Martins, WS and del Cuvillo, Juan and Useche, FJ and Theobald, Kevin B and Gao, Guang R},
  booktitle={Pacific Symposium on Biocomputing},
  volume={6},
  pages={311--322},
  year={2001}
},
@inproceedings{anvik2001generating,
  title={Generating parallel programs from the wavefront design pattern},
  author={Anvik, John and MacDonald, Steve and Szafron, Duane and Schaeffer, Jonathan and Bromling, Steven and Tan, Kai},
  booktitle={Parallel and Distributed Processing Symposium., Proceedings International, IPDPS 2002, Abstracts and CD-ROM},
  pages={8--pp},
  year={2001},
  organization={IEEE}
},
@article{aluru2003parallel,
  title={Parallel biological sequence comparison using prefix computations},
  author={Aluru, Srinivas and Futamura, Natsuhiko and Mehrotra, Kishan},
  journal={Journal of Parallel and Distributed Computing},
  volume={63},
  number={3},
  pages={264--272},
  year={2003},
  publisher={Elsevier}
},
@article{stivala2010lock,
  title={Lock-free parallel dynamic programming},
  author={Stivala, Alex and Stuckey, Peter J and de la Banda, Maria Garcia and Hermenegildo, Manuel and Wirth, Anthony},
  journal={Journal of Parallel and Distributed Computing},
  volume={70},
  number={8},
  pages={839--848},
  year={2010},
  publisher={Elsevier}
},
@article{farrar2007striped,
  title={Striped Smith--Waterman speeds database searches six times over other SIMD implementations},
  author={Farrar, Michael},
  journal={Bioinformatics},
  volume={23},
  number={2},
  pages={156--161},
  year={2007},
  publisher={Oxford Univ Press}
},
@article{schatz2007high,
  title={High-throughput sequence alignment using Graphics Processing Units},
  author={Schatz, Michael C and Trapnell, Cole and Delcher, Arthur L and Varshney, Amitabh},
  journal={BMC bioinformatics},
  volume={8},
  number={1},
  pages={474},
  year={2007},
  publisher={BioMed Central Ltd}
},
@article{manavski2008cuda,
  title={CUDA compatible GPU cards as efficient hardware accelerators for Smith-Waterman sequence alignment},
  author={Manavski, Svetlin A and Valle, Giorgio},
  journal={BMC bioinformatics},
  volume={9},
  number={2},
  pages={1},
  year={2008},
  publisher={BioMed Central}
},
@article{vouzis2011gpu,
  title={GPU-BLAST: using graphics processors to accelerate protein sequence alignment},
  author={Vouzis, Panagiotis D and Sahinidis, Nikolaos V},
  journal={Bioinformatics},
  volume={27},
  number={2},
  pages={182--188},
  year={2011},
  publisher={Oxford Univ Press}
},
@article{rognes2011faster,
  title={Faster Smith-Waterman database searches with inter-sequence SIMD parallelisation},
  author={Rognes, Torbj{\o}rn},
  journal={BMC bioinformatics},
  volume={12},
  number={1},
  pages={221},
  year={2011},
  publisher={BioMed Central Ltd}
},
@article{benkrid2012high,
  title={High performance biological pairwise sequence alignment: FPGA versus GPU versus cell BE versus GPP},
  author={Benkrid, Khaled and Akoglu, Ali and Ling, Cheng and Song, Yang and Liu, Ying and Tian, Xiang},
  journal={International Journal of Reconfigurable Computing},
  volume={2012},
  pages={7},
  year={2012},
  publisher={Hindawi Publishing Corp.}
},
@article{liu2013cudasw++,
  title={CUDASW++ 3.0: accelerating Smith-Waterman protein database search by coupling CPU and GPU SIMD instructions},
  author={Liu, Yongchao and Wirawan, Adrianto and Schmidt, Bertil},
  journal={BMC bioinformatics},
  volume={14},
  number={1},
  pages={117},
  year={2013},
  publisher={BioMed Central Ltd}
},
@article{li2014pairwise,
  title={Pairwise sequence alignment for very long sequences on GPUs},
  author={Li, Junjie and Ranka, Sanjay and Sahni, Sartaj},
  journal={International Journal of Bioinformatics Research and Applications 2},
  volume={10},
  number={4-5},
  pages={345--368},
  year={2014},
  publisher={Inderscience Publishers Ltd}
},
@article{wilton2014faster,
  title={Faster sequence alignment through GPU-accelerated restriction of the seed-and-extend search space},
  author={Wilton, Richard and Budavari, Tamas and Langmead, Ben and Wheelan, Sarah J and Salzberg, Steven and Szalay, Alex},
  journal={bioRxiv},
  pages={007641},
  year={2014},
  publisher={Cold Spring Harbor Labs Journals}
},
@inproceedings{maleki2014parallelizing,
  title={Parallelizing dynamic programming through rank convergence},
  author={Maleki, Saeed and Musuvathi, Madanlal and Mytkowicz, Todd},
  booktitle={ACM SIGPLAN Notices},
  volume={49},
  number={8},
  pages={219--232},
  year={2014},
  organization={ACM}
}